<?xml version="1.0" encoding="UTF-8"?><record xmlns="http://www.loc.gov/MARC21/slim" xmlns:cinclude="http://apache.org/cocoon/include/1.0" xmlns:zs="http://www.loc.gov/zing/srw/">
  <leader>00889cz  a2200169n  4500</leader>
  <controlfield tag="001">n  89204024 </controlfield>
  <controlfield tag="003">DLC</controlfield>
  <controlfield tag="005">19960207103547.1</controlfield>
  <controlfield tag="008">911008n| acannaab|          |a ana |||  </controlfield>
  <datafield tag="010" ind1=" " ind2=" ">
    <subfield code="a">n  89204024 </subfield>
  </datafield>
  <datafield tag="040" ind1=" " ind2=" ">
    <subfield code="a">DLC</subfield>
    <subfield code="c">DLC</subfield>
    <subfield code="d">DLC</subfield>
  </datafield>
  <datafield tag="110" ind1="2" ind2="0">
    <subfield code="a">H.P. Institute of Public Administration (Simla, India)</subfield>
  </datafield>
  <datafield tag="410" ind1="2" ind2="0">
    <subfield code="a">Himachal Pradesh Institute of Public Administration</subfield>
  </datafield>
  <datafield tag="410" ind1="2" ind2="0">
    <subfield code="a">HIPA</subfield>
  </datafield>
  <datafield tag="670" ind1=" " ind2=" ">
    <subfield code="a">Development, programming, and planning in hill areas, 1991:</subfield>
    <subfield code="b">t.p. verso (H.P. Institute of Public Administration) pref. (Institute of Public Administration, Shimla)</subfield>
  </datafield>
  <datafield tag="670" ind1=" " ind2=" ">
    <subfield code="a">Malhotra, V. K. Soci-economic-cum-concurrent evaluation of I.R.D.P. beneficiaries ... 1986?:</subfield>
    <subfield code="b">t.p. (Himachal Pradesh Institute of Public Administration, Shimla)</subfield>
  </datafield>
  <datafield tag="670" ind1=" " ind2=" ">
    <subfield code="a">Proceedings of the Sixth Annual Meeting of Agro-Climatic Regional ... 1994:</subfield>
    <subfield code="b">cover (HIPA, Shimla) p. 113 (H.P. Institute of Public Administration)</subfield>
  </datafield>
</record>